@incollection{marshall1996new-shiloh,
    title       = {Shiloh},
    author      = {Taylor, J. B. and Woodhead, J.},
    booktitle   = {New Bible Dictionary},
    editor      = {Marshall, I. H. and Millard, A. R. and Packer, J. I. and Wiseman, D. J.},
    isbn        = {9780830814398},
    lccn        = {96024002},
    year        = {1996},
    publisher   = {InterVarsity Press},
    location    = {Downers Grove, IL},
    pages       = {1094--1096}
}


@incollection{freedman1992anchor-zebulun,
    title       = {Zebulun},
    author      = {Jeansonne, S. P.},
    booktitle   = {The Anchor Bible Dictionary: Si--Z},
    editor      = {Freedman, D. N.},
    isbn        = {9780300140064},
    series      = {Anchor Yale Bible},
    url         = {https://books.google.ca/books?id=GC5pIQAACAAJ},
    year        = {1992},
    publisher   = {Yale University Press},
    pages       = {1056--1057}
}



@article{steiner2010poetic,
    title       = {Poetic Forms in the Masoretic Vocalization and Three difficult Phrases in Jacob's Blessing:
    \texthe{יֶתֶר שְׂאֵת} (Gen 49:3),
    \texthe{יְצוּעִי עָלָֽה} (49:4), and
    \texthe{יָבֹא שילה} (49:10)},
    author      = {Steiner, Richard C.},
    journal     = {JBL},
    volume      = {129},
    number      = {2},
    pages       = {209--235},
    year        = {2010}
}


@incollection{alexander2020dictionary-judah,
    title       = {Judah},
    author      = {Rigsby, R. O.},
    booktitle   = {Dictionary of the Old Testament: Pentateuch: A Compendium Of Contemporary Biblical Scholarship},
    editor      = {Alexander, T. D. and Baker, D. W.},
    year        = 2003,
    publisher   = {IVP},
    location    = {Downers Grove, IL},
    pages       = {480--484}
}