@book{lambdin1973introduction,
  title         = {Introduction to Biblical Hebrew},
  author        = {Lambdin, T. O.},
  year          = {1973},
  publisher     = {Darton, Longman and Todd}
}


@book{andersen1974sentence,
  title         = {The Sentence in Biblical Hebrew},
  author        = {Andersen, F. I.},
  series        = {Janua Linguarum},
  year          = {1974},
  publisher     = {Mouton}
}


@book{jouon1991grammar,
    title       = {A Grammar of Biblical Hebrew},
    author      = {Jo{\"u}on, P. and Muraoka, T.},
    number      = {v. 1, pts. 1-2},
    series      = {Subsidia Biblica},
    year        = {1991},
    publisher   = {Pontificio Istituto Biblico}
}


@book{jouon2006grammar,
    title       ={A Grammar of Biblical Hebrew},
    author      ={Jo{\"u}on, P. and Muraoka, T.},
    isbn        ={9788876536298},
    lccn        ={2007444413},
    series      ={Subsidia Biblica},
    year        ={2006},
    publisher   ={Editrice Pontificio Istituto biblico}
}


@book{van1999biblical,
    title       = {Biblical Hebrew Reference Grammar},
    author      = {C. H. {van der Merwe} and J. Naude and J. Kroeze},
    year        = 1999,
    publisher   = {Sheffield Academic Press}
}