@online{latexproject,
    title       = {LaTeX - A Document Preparation System},
    url         = {https://latex-project.org},
    urldate     = {2023-03-06}
}


@online{ctan-biblatex-sbl,
    title       = {biblatex-sbl},
    url         = {https://mirror.csclub.uwaterloo.ca/CTAN/macros/latex/contrib/biblatex-contrib/biblatex-sbl/biblatex-sbl.pdf},
    urldate     = {2023-03-07}
}


@online{ctan-footmisc,
    title       = {footmisc},
    url         = {https://mirror.its.dal.ca/ctan/macros/latex/contrib/footmisc/footmisc-doc.pdf},
    urldate     = {2023-03-07}
}


@book{klein2017introduction,
    title       = {Introduction to Biblical Interpretation: 3rd Edition},
    author      = {Klein, W. W. and Blomberg, C. L. and Hubbard, R. L.},
    year        = 2017,
    location    = {Grand Rapids, Michigan},
    publisher   = {Zondervan}
}

@article{dutcherwalls2002circumscription,
    title       = {The Circumscription of the King: Deuteronomy 17:16-17 in Its Ancient Social Context.},
    author      = {Dutcher-Walls, Patricia},
    journal     = {Journal of Biblical Literature},
    year        = {2002},
    volume      = {121},
    number      = {4},
    pages       = {601-16}
}




@book{harrison1969introduction,
    title       = {Introduction to the Old Testament: With a Comprehensive Review of Old Testament Studies and a Special Supplement on the Apocrypha},
    author      = {Harrison, R.K.},
    series      = {Introduction to the Old Testament Series},
    year        = {1969},
    location    = {Grand Rapids},
    publisher   = {Eerdmans}
}


@article{mendenhall1954covenant,
    title       = {Covenant Forms in Israelite Tradition},
    author      = {Mendenhall, George E.},
    journal     = {The Biblical Archeologist},
    volume      = {17},
    number      = {3},
    pages       = {49-76},
    year        = {1954}
}


@book{roth1997law,
    title       = {Law Collections from Mesopotamia and Asia Minor},
    author      = {Roth, M. T. and Hoffner, H. A. and Michalowski, P. and Society of Biblical Literature},
    series      = {Dissertation Series / Society of Biblical Literature},
    year        = {1997},
    publisher   = {Scholars Press}
}


@book{noth1981deuteronomistic,
    title       = {The Deuteronomistic History},
    author      = {Noth, M.},
    series      = {Journal for the study of the Old Testament: Supplement series},
    year        = {1981},
    publisher   = {Department of Biblical Studies, University of Sheffield}
}


@online{heritagestyle23,
    title       = {Heritage Manual of Style},
    subtitle    = {2022--2023},
    editor      = {Sen\'ecal, Jordan A.},
    url         = {https://discoverheritage.ca/wp-content/uploads/2022/09/Heritage-Manual-of-Style-2022-2023_v.2.0.pdf}
}